../tcc/8_references.bib